<record xmlns='http://www.loc.gov/MARC21/slim'><leader>04872ctcaa22005531a 4500</leader><controlfield tag='001'>2761</controlfield><controlfield tag='005'>20201113150419.0</controlfield><controlfield tag='008'>970714i19612006xx            000 0deng  </controlfield><datafield ind1='1' ind2=' ' tag='019'><subfield code='a'>13293663</subfield></datafield><datafield ind1=' ' ind2=' ' tag='035'><subfield code='9'>(AuCNLDY)2468429</subfield></datafield><datafield ind1=' ' ind2=' ' tag='035'><subfield code='a'>2761</subfield></datafield><datafield ind1=' ' ind2=' ' tag='040'><subfield code='a'>ANL</subfield><subfield code='b'>eng</subfield><subfield code='d'>ANL</subfield></datafield><datafield ind1=' ' ind2=' ' tag='042'><subfield code='a'>anuc</subfield></datafield><datafield ind1=' ' ind2=' ' tag='043'><subfield code='a'>u-at---</subfield></datafield><datafield ind1='2' ind2=' ' tag='045'><subfield code='b'>d1961</subfield><subfield code='b'>d2006</subfield></datafield><datafield ind1='1' ind2=' ' tag='100'><subfield code='a'>Fox, Mem,</subfield><subfield code='d'>1946-</subfield></datafield><datafield ind1='1' ind2='0' tag='245'><subfield code='a'>Papers of Mem Fox,</subfield><subfield code='f'>1961-2006</subfield><subfield code='h'>[manuscript].</subfield></datafield><datafield ind1=' ' ind2=' ' tag='260'><subfield code='c'>[1961-2006]</subfield></datafield><datafield ind1=' ' ind2=' ' tag='300'><subfield code='a'>9.15 m.</subfield><subfield code='a'>(51 boxes) +</subfield><subfield code='e'>3 folio boxes + 13 digital carriers.</subfield></datafield><datafield ind1=' ' ind2=' ' tag='500'><subfield code='a'>Manuscript reference no.: MS 9190, MS Acc07.011, MS Acc14.117.</subfield></datafield><datafield ind1=' ' ind2=' ' tag='506'><subfield code='a'>Part available for research; part requires permission for research; part not available for research. Not for loan.</subfield></datafield><datafield ind1=' ' ind2=' ' tag='520'><subfield code='a'>MS 9190 comprises correspondence with Australian and overseas writers and illustrators, children, literary agents and publishers; papers relating to the Wombat Book Club; drafts of 17 books, including Possum magic and other writings; scrapbooks, photographs and cuttings; and, papers relating to Mem Fox&apos;s academic career. The major correspondents are Terry Denton, Lorraine Ellis, Morris Gleitzman, Andrea Goldsmith, Vivienne Goodman, Kilmeny Niland, Pamela Lofts, Patricia Mullins, Craig Smith, Barbara Wels, Paul Jennings, Julie Vivas, Nancy and Wilfrid Gordon McDonald Partridge (parents), Jan Delacourt (sister), Caroline Lurie of Australian Literary Management, Omnibus (publisher) and Harcourt Publisher. Copies of many of Fox&apos;s letters are included.</subfield></datafield><datafield ind1=' ' ind2=' ' tag='520'><subfield code='a'>The Acc07.011 instalment contains drafts and correspondence relating to various projects, including: The green sheep (2004), 2002-2006, Hunswick&apos;s egg (2005), 1996-2006, A particular cow (2006), 1995-2006, The magic hat, 1995-2002, The hungary giant/Horatio the hungry, 2003-2005, and, the new edition of Possum magic (2004). There is also an expanding file of letters to and from Fox, 2001-2006, a letter from Tim Winton (1995), press clippings, an artwork by Nicholas Wilton, an expired passport, handwritten financial records, 1995-1998, papers relating to Fox&apos;s Flinders University Convocation medal, publications, including audio books, and promotional material such as photographs, articles, stickers and a toy.</subfield></datafield><datafield ind1=' ' ind2=' ' tag='520'><subfield code='a'>The Acc14.117 instalment comprises personal journals, correspondence to and from Mem Fox&apos;s parents and letters of appreciation from children, notes and speeches on teaching writing, drama and poetry, unpublished poetry and prose, manuscripts including for unpublished books, publicity material, family history, Mem Fox publications in foreign languages and personal and career photographs. Most items in the collection have accompanying handwritten notes from Mem Fox with contextual information.</subfield></datafield><datafield ind1=' ' ind2=' ' tag='540'><subfield code='a'>Copying of Mem Fox&apos;s copyright material permitted for research purposes.</subfield></datafield><datafield ind1=' ' ind2=' ' tag='541'><subfield code='a'>Donated through the Australian Government&apos;s Cultural Gifts Program by Mem Fox.</subfield></datafield><datafield ind1='0' ind2=' ' tag='544'><subfield code='d'>Mem Fox interviewed by Rob Linn;</subfield><subfield code='e'>Located at;</subfield><subfield code='a'>National Library of Australia Oral History collection ORAL TRC 5575.</subfield></datafield><datafield ind1='0' ind2=' ' tag='545'><subfield code='a'>Children&apos;s author and academic. Merrion Frances (Mem) Fox has published numerous children&apos;s books, including Possum magic (1983), an autobiography and three textbooks. She has taught at the South Australian Institute of Technology, Sturt College of Advanced Education and is an associate professor at Flinders University. Fox has won numerous awards and was created a Member of the Order of Australia (AM) in 1993. In 2001 Fox received a Centenary Medal.</subfield></datafield><datafield ind1='8' ind2=' ' tag='555'><subfield code='a'>Finding aid available in the Special Collections Reading Room and online at: http://nla.gov.au/nla.ms-ms9190</subfield></datafield><datafield ind1=' ' ind2=' ' tag='585'><subfield code='a'>Selected items exhibited: &quot;Story Time: Australian Children&apos;s Literature&quot;, National Library of Australia, 22 August 2019 - 16 February 2020.</subfield><subfield code='5'>ANL</subfield></datafield><datafield ind1=' ' ind2=' ' tag='585'><subfield code='a'>Selected items exhibited in: &quot;Treasures Gallery&quot;, National Library of Australia, 7 October 2011 - 15 December 2012.</subfield></datafield><datafield ind1='1' ind2='0' tag='600'><subfield code='a'>Fox, Mem,</subfield><subfield code='d'>1946-</subfield><subfield code='v'>Archives.</subfield></datafield><datafield ind1=' ' ind2='0' tag='650'><subfield code='a'>Children&apos;s authors, Australian</subfield><subfield code='v'>Archives.</subfield></datafield><datafield ind1=' ' ind2='0' tag='650'><subfield code='a'>Educators</subfield><subfield code='z'>Australia</subfield><subfield code='v'>Archives.</subfield></datafield><datafield ind1=' ' ind2='0' tag='650'><subfield code='a'>College teachers</subfield><subfield code='z'>Australia</subfield><subfield code='v'>Archives.</subfield></datafield><datafield ind1=' ' ind2='0' tag='650'><subfield code='a'>Women college teachers</subfield><subfield code='z'>Australia</subfield><subfield code='v'>Archives.</subfield></datafield><datafield ind1=' ' ind2='0' tag='650'><subfield code='a'>Children&apos;s stories, Australian.</subfield></datafield><datafield ind1=' ' ind2='0' tag='650'><subfield code='a'>Children</subfield><subfield code='x'>Books and reading</subfield><subfield code='z'>Australia.</subfield></datafield><datafield ind1=' ' ind2='0' tag='650'><subfield code='a'>Australian literature</subfield><subfield code='x'>Women authors.</subfield></datafield><datafield ind1=' ' ind2='0' tag='651'><subfield code='a'>Australia</subfield><subfield code='x'>Juvenile literature.</subfield></datafield><datafield ind1=' ' ind2='7' tag='656'><subfield code='a'>Children&apos;s authors.</subfield><subfield code='2'>local</subfield></datafield><datafield ind1=' ' ind2='7' tag='656'><subfield code='a'>Educationalists.</subfield><subfield code='2'>local</subfield></datafield><datafield ind1=' ' ind2='7' tag='656'><subfield code='a'>Academics.</subfield><subfield code='2'>local</subfield></datafield><datafield ind1='4' ind2='2' tag='856'><subfield code='z'>Finding aid at National Library of Australia</subfield><subfield code='u'>https://nla.gov.au/nla.obj-306101104/findingaid</subfield></datafield><datafield ind1=' ' ind2=' ' tag='920'><subfield code='a'>Priority 2</subfield></datafield><datafield ind1=' ' ind2=' ' tag='953'><subfield code='a'>Manuscripts subject term: Academic</subfield></datafield><datafield ind1=' ' ind2=' ' tag='953'><subfield code='a'>Manuscripts subject term: Education</subfield></datafield><datafield ind1=' ' ind2=' ' tag='953'><subfield code='a'>Manuscripts subject term: Literature</subfield></datafield><datafield ind1=' ' ind2=' ' tag='953'><subfield code='a'>Manuscripts subject term: Youth</subfield></datafield><datafield ind1='f' ind2='f' tag='999'><subfield code='i'>31a9dc35-4361-5211-a1b5-a848c40d415a</subfield><subfield code='s'>6d59a773-e3c3-5495-9252-600d11dff8d0</subfield></datafield><datafield ind1='f' ind2='f' tag='952'><subfield code='a'>National Library of Australia</subfield><subfield code='b'>Parkes</subfield><subfield code='c'>Parkes</subfield><subfield code='d'>Special Collections Reading Room (MANUSCRIPT COLLECTION [Pic MSS])</subfield><subfield code='e'>MS 9190</subfield><subfield code='h'>Other scheme</subfield><subfield code='i'>Monograph</subfield><subfield code='m'>bbc3d88b-eb0d-5739-b37e-a736a265d4a2</subfield><subfield code='z'>Restriction: Part available for research; part requires permission for research until 2017 (Series 1, folder 7 and Series 6); part not available for research until 2017 (Series 14, folder 1 and Series 16, folders 11-12). Not for loan</subfield></datafield><datafield ind1='f' ind2='f' tag='952'><subfield code='a'>National Library of Australia</subfield><subfield code='b'>Parkes</subfield><subfield code='c'>Parkes</subfield><subfield code='d'>Special Collections Reading Room - Prior notice required (MANUSCRIPTS IN PROCESS [Pic MSS])</subfield><subfield code='e'>MS Acc07.011</subfield><subfield code='h'>Other scheme</subfield><subfield code='i'>Monograph</subfield><subfield code='m'>cb969c16-0631-5e97-84ed-af3b1b676373</subfield><subfield code='z'>Restriction: Available for research. Not for loan</subfield><subfield code='z'>Action note: Unprocessed instalment 20070119 1.12 metres</subfield></datafield><datafield ind1='f' ind2='f' tag='952'><subfield code='a'>National Library of Australia</subfield><subfield code='b'>Parkes</subfield><subfield code='c'>Parkes</subfield><subfield code='d'>Special Collections Reading Room - Prior notice required (MANUSCRIPTS IN PROCESS [Pic MSS])</subfield><subfield code='e'>MS Acc14.117</subfield><subfield code='h'>Other scheme</subfield><subfield code='i'>Monograph</subfield><subfield code='m'>98c1ac7a-196d-5071-9ede-4664db00197b</subfield><subfield code='z'>Restriction: Part available for research; part requires permission for research (Box 14 (part)). Not for loan</subfield></datafield></record>